@Misc{AlphaBeta,
author = {Maria Hartmann},
title = {Der Alpha-Beta-Algorithmus},
year = 2017}

@book{buch1,
 author    = {Kurt G{\"o}del},
 title     = {Titel},
 publisher = {Verlag},
 year      = 1957
}

@online{computerweekly,
author = {Margaret Rouse},
organization = {computerweekly},
url = {https://www.computerweekly.com/de/definition/Kuenstliche-Intelligenz-KI},
title = {Künstliche Intelligenz (KI)},
lastvisited = {2020-12-26},
year = 2018}

@online{tecchannel,
	author = {Heiko Klinge},
	organization = {tecchannel},
	url = {https://www.tecchannel.de/a/warum-kuenstliche-intelligenz-ki-in-spielen-stagniert,1744817},
	title = {Warum Künstliche Intelligenz (KI) in Spielen stagniert},
	lastvisited = {2020-12-26},
	year = 2008,
month = 1,
day = 25}

@online{ConceptArt,
author = {Josh Petty},
url = {https://conceptartempire.com/what-is-unity/},
title = {What is Unity 3D \& What is it Used For?},
lastvisited = {2020-12-26}}

@Manual{UPrefabs,
title =        {Unity Documentation, Prefabs},
	url = {https://docs.unity3d.com/2019.3/Documentation/Manual/Prefabs.html}
year =         2018}


2018–07–31 Page amended

Updated
@book{barr2014handbook,
	title={The Handbook of Artificial Intelligence: Volume 2},
	author={Barr, Avron and Feigenbaum, Edward A},
	volume={2},
	year={2014},
	publisher={Butterworth-Heinemann}
}

@book{palacios2016unity,
	title={Unity 5. x Game AI Programming Cookbook},
	author={Palacios, Jorge},
	year={2016},
	publisher={Packt Publishing Ltd}
}

@book{beethoven,
 author    = {Ludwig van Beethoven},
 title     = {Titel},
 publisher = {Verlag},
 year      = 1812
}

@book{mcdysan,
	author	  = {David E. McDysan and Darren L. Spohn},
	title	  = {ATM: Theory and Application},
	publisher = {McGraw-Hill},
	address	  = {New York},
	year	  = 1995
}

@inbook{sloman,
  author =       {David Hutchison and
                  Geoff Coulson and
                  Andrew Campbell and 
                  Gordon S. Blair},
  title =        {Quality of Service Management in Distributed Systems},
  booktitle =    {Network and Distributed Systems Management},
  chapter =      11,
  publisher =    {Addison Wesley},
  year =         1994,
  note =         {Editor: Morris Sloman},
  pages =        {273--302}
}

@techreport{techrep1,
	editor      = {The {ATM} Forum},
        institution = {The {E}uropean {M}arket {A}wareness {C}ommittee},
	title	    = {{ATM} Service Categories: The Benefits to the User},
        type        = {{W}hite {P}aper},
	month	    = may,
	year	    = 1996
}


@incollection{ref2,
 author    = {Autor},
 title     = {Titel},
 booktitle = {Buchtitel},
 publisher = {Verlag},
 year      = 1994
}

@article{ref3,
 author  = {Autor},
 title   = {Titel},
 journal = {Journaltitel},
 year    = 1993,
 volume  = {Nummer des Jahrgangs},
 number  = {Nummer der Ausgabe},
 pages   = {Seitenzahlen},
 month   = dec
}

@Misc{qosr,
 author  = {E. Crawley and R. Nair and B. Rajagopalan and H. Sandick},
 title   = {A Framework for QoS-based Routing in the Internet},
 howpublished = {RFC 2386 (Informational)},
 organization = {IETF},
 year    = 1998,
 month   = aug
}

@Article{JSAC96,
  author =       {Gerold Blakowski and Ralf Steinmetz},
  title =        {A Media Synchronization Survey: Reference Model, 
                  Specification, and Case Studies},
  journal =      {IEEE Journal on Selected Areas in Communication},
  year =         1996,
  volume =       14,
  number =       1,
  month =        jan,
  pages =        {5--35}
}

@Manual{TB98,
  title =        {Technische Beschreibung f"ur System 4711},
  author =       {Fred Stenz and Willi Weich and Dieter Drollig and 
                  Kurt Klein and Guenter Ganz},
  year =         1998
}


@Manual{TB2000,
  title =        {Technische Beschreibung f"ur System 0815},
  author =       {Fred Stenz and others},
  year =         1998
}

@Proceedings{stenz85:_about_time,
  title =        {About Time},
  year =         1985,
  editor =       {Fred Stenz and Willi Weich and Dieter Drollig}
}

